@article{Xia2014,
author="Xia, Zhihua
and Zhu, Yanling
and Sun, Xingming
and Chen, Lihong",
title="Secure semantic expansion based search over encrypted cloud data supporting similarity ranking",
journal="Journal of Cloud Computing",
year="2014",
month="Jul",
day="02",
volume="3",
number="1",
pages="8",
issn="2192-113X",
doi="10.1186/s13677-014-0008-2",
url="https://doi.org/10.1186/s13677-014-0008-2"
}
@article{Thura2005,
title = "Security standards for the semantic web",
journal = "Computer Standards and Interfaces",
volume = "27",
number = "3",
pages = "257 - 268",
year = "2005",
issn = "0920-5489",
doi = "https://doi.org/10.1016/j.csi.2004.07.002",
url = "http://www.sciencedirect.com/science/article/pii/S0920548904000686",
author = "Bhavani Thuraisingham",
keywords = "Semantic web, XML, RDF, Ontology, Security, Privacy"
}
